@article{brown1990,
 author = {Peter F. Brown and John Cocke and Stephen A. Della Pietra and Vincent J. Della Pietra and Fredrick Jelinek and John D. Lafferty and Robert L. Mercer and Paul S. Roossin},
 title = {A statistical approach to machine translation},
 journal = {Comput. Linguist.},
 volume = {16},
 number = {2},
 year = {1990},
 issn = {0891-2017},
 pages = {79--85},
 publisher = {MIT Press},
 address = {Cambridge, MA, USA},
 } 

%WMT
@InProceedings{callisonburch-EtAl:2009:WMT-09,
  author    = {Callison-Burch, Chris  and  Koehn, Philipp  and  Monz, Christof  and  Schroeder, Josh},
  title     = {Findings of the 2009 {W}orkshop on {S}tatistical {M}achine {T}ranslation},
  booktitle = {Proceedings of the Fourth Workshop on Statistical Machine Translation},
  month     = {March},
  year      = {2009},
  address   = {Athens, Greece},
  publisher = {Association for Computational Linguistics},
  pages     = {1--28},
  url       = {http://www.aclweb.org/anthology/W/W09/W09-0401}
} 

@InProceedings{callisonburch-EtAl:2010:WMT,
  author    = {Callison-Burch, Chris  and  Koehn, Philipp  and  Monz, Christof  and  Peterson, Kay  and  Przybocki, Mark  and  Zaidan, Omar},
  title     = {Findings of the 2010 Joint Workshop on Statistical Machine Translation and Metrics for Machine Translation},
  booktitle = {Proceedings of the Joint Fifth Workshop on Statistical Machine Translation and MetricsMATR},
  month     = {July},
  year      = {2010},
  address   = {Uppsala, Sweden},
  publisher = {Association for Computational Linguistics},
  pages     = {17--53},
  note      = {Revised August 2010},
  url       = {http://www.aclweb.org/anthology/W10-1703}
}


@InProceedings{callisonburch-EtAl:2008:WMT,
  author    = {Callison-Burch, Chris  and  Fordyce, Cameron  and  Koehn, Philipp  and  Monz, Christof  and  Schroeder, Josh},
  title     = {Further Meta-Evaluation of Machine Translation},
  booktitle = {Proceedings of the Third Workshop on Statistical Machine Translation},
  month     = {June},
  year      = {2008},
  address   = {Columbus, Ohio},
  publisher = {Association for Computational Linguistics},
  pages     = {70--106},
  url       = {http://www.aclweb.org/anthology/W/W08/W08-0309}
}

%Confidence Estimation
@inproceedings{Blatz:2004:CEM:1220355.1220401,
 author = {Blatz, John and Fitzgerald, Erin and Foster, George and Gandrabur, Simona and Goutte, Cyril and Kulesza, Alex and Sanchis, Alberto and Ueffing, Nicola},
 title = {Confidence estimation for machine translation},
 booktitle = {Proceedings of the 20th international conference on Computational Linguistics},
 series = {COLING '04},
 year = {2004},
 location = {Geneva, Switzerland},
 articleno = {315},
 url = {http://dx.doi.org/10.3115/1220355.1220401},
 doi = {http://dx.doi.org/10.3115/1220355.1220401},
 acmid = {1220401},
 publisher = {Association for Computational Linguistics},
 address = {Stroudsburg, PA, USA},
} 


@INPROCEEDINGS{Blatz04confidenceestimation,
    author = {John Blatz and Erin Fitzgerald and George Foster and Simona Gandrabur and Cyril Goutte and Alex Kulesza and Alberto Sanchis and Nicola Ueffing},
    title = {Confidence Estimation for Machine Translation},
    booktitle = {M. Rollins (Ed.), Mental Imagery},
    year = {2004},
    publisher = {Yale University Press}
}

@ARTICLE{Quirk04traininga,
    author = {Christopher B. Quirk},
    title = {Training a Sentence-Level Machine Translation Confidence Metric},
    journal = {LREC},
    year = {2004},
    volume = {4},
    pages = {2004}
}
@InProceedings{Specia09TWSS,
  author    =  {Lucia Specia and Marco Turchi and Zhuoran Wang and John Shawe-Taylor and Craig Saunders},
  title     =  {Improving the Confidence of Machine Translation Quality Estimates},
  booktitle =  {Machine Translation Summit XII},
  address   =  {Ottawa, Canada},
  year      =  {2009}
}
@article{Specia:2010:MTE:1842848.1842852,
 author = {Specia, Lucia and Raj, Dhwaj and Turchi, Marco},
 title = {Machine translation evaluation versus quality estimation},
 journal = {Machine Translation},
 volume = {24},
 issue = {1},
 month = {March},
 year = {2010},
 issn = {0922-6567},
 pages = {39--50},
 numpages = {12},
 url = {http://dx.doi.org/10.1007/s10590-010-9077-2},
 doi = {http://dx.doi.org/10.1007/s10590-010-9077-2},
 acmid = {1842852},
 publisher = {Kluwer Academic Publishers},
 address = {Hingham, MA, USA},
 keywords = {Confidence estimation, Machine translation evaluation, Quality estimation},
} 


@InProceedings{raybaud2009word,
  title={Word-and sentence-level confidence measures for machine translation},
  author={Sylvain Raybaud and Caroline Lavecchia, David Langlois, Kamel Smaili},
  booktitle = {European Association of Machine Translation 2009},
  year={2009}
}
@article{Ueffing05word-levelconfidence,
    author = {Nicola Ueffing and Hermann Ney},
    title = {Word-level confidence estimation for machine translation using phrase-based translation models},
    journal = {Computational Linguistics},
    year = {2005},
    pages = {763--770}
}
@INPROCEEDINGS{Rosti07combiningoutputs,
    author = {Antti--Veikko Rosti and Necip Fazil Ayan and Bing Xiang and Spyros Matsoukas and Richard Schwartz and Bonnie J. Dorr},
    title = {Combining outputs from multiple machine translation systems},
    booktitle = {Proceedings of the North American Chapter of the Association for Computational Linguistics Human Language Technologies},
    year = {2007},
    pages = {228--235}
}

%berkeley parser
@INPROCEEDINGS{Petrov07improvedinference,
    author = {Slav Petrov and Dan Klein},
    title = {Improved inference for unlexicalized parsing},
    booktitle = {In HLT-NAACL ’07},
    year = {2007}
}
@INPROCEEDINGS{Petrov06learningaccurate,
    author = {Slav Petrov and Leon Barrett and Romain Thibaux and Dan Klein},
    title = {Learning Accurate, Compact, and Interpretable Tree Annotation},
    booktitle = {In ACL ’06},
    year = {2006},
    pages = {433--440}
}

%Bayes
@article{cleveland1979robust,
  title={Robust locally weighted regression and smoothing scatterplots},
  author={William S. Cleveland},
  journal={Journal of the American statistical association},
  volume={74},
  number={368},
  pages={829--836},
  year={1979},
  publisher={JSTOR}
}

%srilm
@INPROCEEDINGS{Stolcke02srilm,
    author = {Andreas Stolcke},
    title = {SRILM—An extensible language modeling toolkit},
    booktitle = {Proceedings of the 7th International Conference on Spoken Language Processing (ICSLP 2002},
    year = {2002},
    pages = {901--904}
}
%punkt
@INPROCEEDINGS{Kiss_2006unsupervised,
    author = {Tibor Kiss and Jan Strunk and Ruhr-universität Bochum and Ruhr-universität Bochum},
    title = {Unsupervised Multilingual Sentence Boundary Detection},
    booktitle = {Proceedings of IICS-04, Guadalajara, Mexico and Springer LNCS 3473},
    year = {2006},
    
}

@inproceedings{Garrette_anextensible,
 author = {Garrette, Dan and Klein, Ewan},
 title = {An extensible toolkit for computational semantics},
 booktitle = {Proceedings of the Eighth International Conference on Computational Semantics},
 series = {IWCS-8 '09},
 year = {2009},
 isbn = {978-90-74029-34-6},
 location = {Tilburg, The Netherlands},
 pages = {116--127},
 numpages = {12},
 url = {http://portal.acm.org/citation.cfm?id=1693756.1693770},
 acmid = {1693770},
 publisher = {Association for Computational Linguistics},
 address = {Stroudsburg, PA, USA},
} 


 
%orange

@inproceedings{demsar2004orange,
author = {Janez Dem{\v{s}}ar and Blaz Zupan and Gregor Leban and Tomaz Curk},
title = {Orange: From Experimental Machine Learning to Interactive Data Mining},
booktitle = {Principles of Data Mining and Knowledge Discovery},
year = {2004},
pages = {537--539},
doi = {10.1007/b100704},
masid = {1812666}
}

%feature selection
@inproceedings{Kononenko94estimatingattributes:,
 author = {Kononenko, Igor},
 title = {Estimating attributes: analysis and extensions of RELIEF},
 booktitle = {Proceedings of the European conference on machine learning on Machine Learning},
 year = {1994},
 isbn = {3-540-57868-4},
 location = {Catania, Italy},
 pages = {171--182},
 numpages = {12},
 url = {http://portal.acm.org/citation.cfm?id=188408.188427},
 acmid = {188427},
 publisher = {Springer-Verlag New York, Inc.},
 address = {Secaucus, NJ, USA},
} 

@inproceedings{kira1992feature,
 author = {Kira, Kenji and Rendell, Larry A.},
 title = {The feature selection problem: traditional methods and a new algorithm},
 booktitle = {Proceedings of the tenth national conference on Artificial intelligence},
 series = {AAAI'92},
 year = {1992},
 isbn = {0-262-51063-4},
 location = {San Jose, California},
 pages = {129--134},
 numpages = {6},
 url = {http://portal.acm.org/citation.cfm?id=1867135.1867155},
 acmid = {1867155},
 publisher = {AAAI Press},
} 

%scipy
@Misc{scipy,
  author =    {Eric Jones and Travis Oliphant and Pearu Peterson and others},
  title =     {{SciPy}: Open source scientific tools for {Python}},
  year =      {2001--},
  url = "http://www.scipy.org/"
}
 
 